<?xml version="1.0" encoding="utf-8"?>
<record xmlns="http://www.loc.gov/MARC21/slim" xmlns:xsi="http://www.w3.org/2001/XMLSchema-instance" xsi:schemaLocation="http://www.loc.gov/MARC21/slim http://www.loc.gov/standards/marcxml/schema/MARC21slim.xsd">
	<leader>     nam a22     Mi 4500</leader>
	<controlfield tag="001">5366949</controlfield>
	<controlfield tag="003">NNC</controlfield>
	<controlfield tag="006">m        d        </controlfield>
	<controlfield tag="007">cr cn |||m|||a</controlfield>
	<controlfield tag="008">190509s1953    tu h    o     000 0 ara  </controlfield>
	<datafield ind1=" " ind2=" " tag="040">
		<subfield code="a">ZYU</subfield>
		<subfield code="b">ara</subfield>
		<subfield code="e">rda</subfield>
		<subfield code="c">ZYU</subfield>
	</datafield>
	<datafield ind1="0" ind2=" " tag="041">
		<subfield code="a">ara</subfield>
		<subfield code="a">fre</subfield>
	</datafield>
	<datafield ind1="0" ind2="0" tag="050">
		<subfield code="a">B751.A35</subfield>
		<subfield code="b">U4</subfield>
	</datafield>
	<datafield ind1="0" ind2=" " tag="100">
		<subfield code="6">880-01</subfield>
		<subfield code="a">Avicenna,</subfield>
		<subfield code="d">980-1037.</subfield>
	</datafield>
	<datafield ind1="1" ind2="0" tag="240">
		<subfield code="6">880-02</subfield>
		<subfield code="a">Rasāʼil</subfield>
	</datafield>
	<datafield ind1="1" ind2="0" tag="245">
		<subfield code="6">880-03</subfield>
		<subfield code="a">Rasāʼil Ibn Sīnā.</subfield>
	</datafield>
	<datafield ind1="3" ind2="0" tag="246">
		<subfield code="a">Ibn Sina risâleleri.</subfield>
		<subfield code="b">Les opuscules d'Ibn Sina. Publiés sous la direction de Hilmi Ziya Ülken.</subfield>
	</datafield>
	<datafield ind1=" " ind2=" " tag="260">
		<subfield code="a">Ankara,</subfield>
		<subfield code="b">Türk Tarih Kurumu Basımevi,</subfield>
		<subfield code="c">1953.</subfield>
	</datafield>
	<datafield ind1=" " ind2=" " tag="300">
		<subfield code="a">online resource (3 volumes) :</subfield>
		<subfield code="b">facsimiles</subfield>
	</datafield>
	<datafield ind1=" " ind2=" " tag="336">
		<subfield code="a">text</subfield>
		<subfield code="2">rdacontent</subfield>
	</datafield>
	<datafield ind1=" " ind2=" " tag="337">
		<subfield code="a">computer</subfield>
		<subfield code="2">rdamedia</subfield>
	</datafield>
	<datafield ind1=" " ind2=" " tag="338">
		<subfield code="a">online resource</subfield>
		<subfield code="2">rdacarrier</subfield>
	</datafield>
	<datafield ind1="1" ind2=" " tag="490">
		<subfield code="a">İstanbul Üniversitesi. Edebiyat Fakültesi. Edebiyat Fakültesi yayıinları ;</subfield>
		<subfield code="v">no. 552</subfield>
	</datafield>
	<datafield ind1=" " ind2=" " tag="500">
		<subfield code="a">Vol. 3 has title: İbn Sina. Risâleler.</subfield>
	</datafield>
	<datafield ind1=" " ind2=" " tag="500">
		<subfield code="a">Vols. 2-3 have imprint: İstanbul, I. Horoz Basımevi.</subfield>
	</datafield>
	<datafield ind1=" " ind2=" " tag="500">
		<subfield code="a">In Arabic.</subfield>
	</datafield>
	<datafield ind1=" " ind2=" " tag="500">
		<subfield code="a">Part of the Arabic Collections Online (ACO) project, contributed by Columbia University Libraries.</subfield>
	</datafield>
	<datafield ind1="0" ind2=" " tag="505">
		<subfield code="a">1. Uyun al-hikma, et l'opuscule d'Abu'l Faraj et la réfutation d'Ibn Sina, édité et annoté par H.Z. Ülken.--2. Les opuscules d'Ibn Sina, et Le livre de la différence entre l'esprit et l'âme, par Qosta b. Luqa; édité, étudié et onnoté [sic] par H.Z. Ülken.--3. Aşkın mâhiyeti hakkında risâle, neşreden ve Türkçeye çeviren A. Ateş.</subfield>
	</datafield>
	<datafield ind1=" " ind2=" " tag="533">
		<subfield code="a">Electronic reproduction.</subfield>
		<subfield code="b">New York, N.Y. :</subfield>
		<subfield code="c">New York University,</subfield>
		<subfield code="d">2019.</subfield>
		<subfield code="5">NNU</subfield>
	</datafield>
	<datafield ind1="0" ind2="0" tag="600">
		<subfield code="a">Qusṭā ibn Lūqā,</subfield>
		<subfield code="d">approximately 820-approximately 912.</subfield>
		<subfield code="t">Kitāb ʼal-firaq bayna ʼal-rūḥ wa-ʼal-nafs. </subfield>
	</datafield>
	<datafield ind1="1" ind2="2" tag="700">
		<subfield code="6">880-04</subfield>
		<subfield code="a">Qusṭā ibn Lūqā,</subfield>
		<subfield code="d">approximately 820-approximately 912.</subfield>
		<subfield code="t">Kitāb al-firaq bayna al-rūḥ wa-al-nafs. </subfield>
	</datafield>
	<datafield ind1="2" ind2=" " tag="710">
		<subfield code="a">Columbia University.</subfield>
		<subfield code="b">Libraries.</subfield>
	</datafield>
	<datafield ind1="0" ind2=" " tag="730">
		<subfield code="a">Arabic Collections Online.</subfield>
	</datafield>
	<datafield ind1="0" ind2=" " tag="740">
		<subfield code="a">Opuscules d'Ibn Sina.</subfield>
	</datafield>
	<datafield ind1="0" ind2="8" tag="776">
		<subfield code="i">Online version:</subfield>
		<subfield code="a">Avicenna, 980-1037.</subfield>
		<subfield code="t">Ibn Sina risâleleri.</subfield>
		<subfield code="d">Ankara, Türk Tarih Kurumu Basımevi, 1953</subfield>
		<subfield code="w">(OCoLC)587258044</subfield>
	</datafield>
	<datafield ind1="0" ind2="8" tag="776">
		<subfield code="i">Online version:</subfield>
		<subfield code="a">Avicenna, 980-1037.</subfield>
		<subfield code="t">Ibn Sina risâleleri.</subfield>
		<subfield code="d">Ankara, Türk Tarih Kurumu Basımevi, 1953</subfield>
		<subfield code="w">(OCoLC)609208456</subfield>
	</datafield>
	<datafield ind1="0" ind2="8" tag="776">
		<subfield code="i">Print version:</subfield>
		<subfield code="a">Avicenna, 980-1037.</subfield>
		<subfield code="t">Rasāʼil Ibn Sīnā</subfield>
		<subfield code="w">(NNC)5366949</subfield>
		<subfield code="w">(DLC)ne 62000491 </subfield>
		<subfield code="w">(OCoLC)16771630</subfield>
	</datafield>
	<datafield ind1="2" ind2=" " tag="810">
		<subfield code="a">İstanbul Üniversitesi.</subfield>
		<subfield code="b">Edebiyat Fakültesi.</subfield>
		<subfield code="t">Edebiyat Fakültesi yayıinları ;</subfield>
		<subfield code="v">no. 552.</subfield>
	</datafield>
	<datafield ind1="4" ind2="0" tag="856">
		<subfield code="u">http://hdl.handle.net/2333.1/qz612t1z</subfield>
	</datafield>
	<datafield ind1="0" ind2=" " tag="880">
		<subfield code="6">100-01</subfield>
		<subfield code="a">ابن سينا،</subfield>
		<subfield code="d">980-1037.</subfield>
	</datafield>
	<datafield ind1="1" ind2="0" tag="880">
		<subfield code="6">240-02</subfield>
		<subfield code="a">رسائل</subfield>
	</datafield>
	<datafield ind1="1" ind2="0" tag="880">
		<subfield code="6">245-03</subfield>
		<subfield code="a">رسائل ابن سينا. </subfield>
	</datafield>
	<datafield ind1="1" ind2="2" tag="880">
		<subfield code="6">700-04</subfield>
		<subfield code="a">قسطا بن لوقا،</subfield>
		<subfield code="d">approximately 820-approximately 912.</subfield>
		<subfield code="t">كتاب الفرق بين الروح والنفس. </subfield>
	</datafield>
	<datafield ind1=" " ind2=" " tag="959">
		<subfield code="a">NNU</subfield>
		<subfield code="b">WEB</subfield>
		<subfield code="c">GENI</subfield>
		<subfield code="t">0</subfield>
		<subfield code="m">Electronic access</subfield>
		<subfield code="s">01</subfield>
	</datafield>
	<datafield ind1=" " ind2=" " tag="999">
		<subfield code="i">NNC_5366949</subfield>
		<subfield code="o">(OCoLC)ocm16771630</subfield>
		<subfield code="s">columbia_aco003814:v.1-3</subfield>
		<subfield code="e">(ERROR-880)</subfield>
		<subfield code="s">columbia_aco003814:v.1-3</subfield>
	</datafield>
</record>
